% bibtex for FWAM

@book {tref,
    AUTHOR = {Trefethen, Lloyd N.},
     TITLE = {Spectral methods in {MATLAB}},
    SERIES = {Software, Environments, and Tools},
    VOLUME = {10},
 PUBLISHER = {Society for Industrial and Applied Mathematics (SIAM)},
   ADDRESS = {Philadelphia, PA},
      YEAR = {2000},
     PAGES = {xviii+165}
}

@book{nla,
author="Trefethen, L. N. and Bau III, D.",
title="Numerical Linear Algebra",
year=1997,
publisher="SIAM"
}

@book{GCbook,
author={Greenbaum, A and Chartier, T P},
title={Numerical Methods},
year=2012,
publisher={Princeton University Press},
}
